<?xml version="1.0" encoding="UTF-8"?><collection xmlns="http://www.loc.gov/MARC21/slim"><record><leader>00463nam--2200169-i-4500</leader><controlfield tag="001">000039848</controlfield><controlfield tag="002">20161230</controlfield><controlfield tag="005">20170129231339</controlfield><controlfield tag="008">060222s1000------------r-----000-0-eng-d</controlfield><datafield ind1=" " ind2=" " tag="080"><subfield code="a">550.34.038(083.5)</subfield></datafield><datafield ind1=" " ind2=" " tag="100"><subfield code="a">Rudolph, E</subfield></datafield><datafield ind1=" " ind2=" " tag="245"><subfield code="a">Seismogramme des nordpazifischen und sudamerikanischen erdbebens am 16 aug.1906</subfield></datafield><datafield ind1=" " ind2=" " tag="260"><subfield code="a">Strasburg</subfield><subfield code="b">M.Dumont Schauberg</subfield><subfield code="c">1907</subfield></datafield><datafield ind1=" " ind2=" " tag="300"><subfield code="a">98 p</subfield></datafield><datafield ind1=" " ind2=" " tag="700"><subfield code="a">Tams, E</subfield></datafield><datafield ind1=" " ind2=" " tag="852"><subfield code="a">47537</subfield></datafield><datafield ind1=" " ind2=" " tag="CAT"><subfield code="a">SYS</subfield><subfield code="c">20170129</subfield><subfield code="h">231339</subfield></datafield></record></collection>